%%%%%%%%%%%%%%%%%%%%%%%%% CHAP 1 %%%%%%%%%%%%%%%%%%%%%%%%%

@inproceedings{HeintzStephanie2015TGGM,
series = {CHI PLAY '15},
pages = {175--184},
publisher = {ACM},
booktitle = {Proceedings of the 2015 Annual Symposium on computer-human interaction in play},
isbn = {9781450334662},
year = {2015},
title = {The Game Genre Map: A Revised Game Classification},
language = {eng},
author = {Heintz, Stephanie and Law, Effie},
keywords = {Digital Games ; Game Genre ; Hierarchical Clustering ; Mapping},
}
  
@article{ParmentierGuy2009Iecd,
journal = {Revue française de gestion},
pages = {71--87},
volume = {191},
publisher = {Lavoisier},
number = {1},
year = {2009},
title = {Innovation et création dans le jeu vidéo},
author = {Parmentier, Guy and Mangematin, Vincent}
}


@misc{UnrealEngine,
    author = {Unreal},
    title = {Unreal Engine Homepage},
    note  = {\url{https://www.unrealengine.com/en-US/}},
    }

@misc{UnityEngine,
    author = {Unity},
    title = {Unity Engine Homepage},
    note  = {\url{https://unity.com/}},
    }

@misc{CryEngine,
    author = {Cry},
    title = {Cry Engine Homepage},
    note  = {\url{https://www.cryengine.com/}},
    year = {2019}
    }

@misc{FrostbiteEngine,
    author = {Frostbite},
    title = {Frostbite Engine Homepage},
    note  = {\url{https://www.ea.com/frostbite}},
    }




%%%%%%%%%%%%%%%%%%%%%%%%% CHAP2 %%%%%%%%%%%%%%%%%%%%%%%%%

@book{LevelUpRogers2014,
    author = {Rogers, Scott},
    isbn = {9781118877166},
    pages = {537},
    title = {{Level {UP}, The Guide to Greate Video Game Design (2nd Edition)}},
    year = {2014}
    }

@book{GD_foundations_pedersen,
    author = {Roger E. Pedersen},
    year = {2003},
    title = {Game Design Foundations},
    publisher={Wordware Publishing, Inc.}
    }

@book{GD_theory_rouse,
    author = {Richard Rouse III},
    year = {2010},
    title = {Game Design : Theory \& Practice (2nd edition)},
    publisher={Wordware Publishing, Inc.}
    }

@inproceedings{syst_review,
    title={A Systematic Review of Game Design Methods and Tools},
    author={Marcos Silvano Orita Almeida, Flávio Soares Corrêa da Silva},
    booktitle={Lecture Notes in Computer Science, vol 8215},
    pages={pp 17-29},
    year={2013},
    organization={International Conference on Entertainment Computing}
    }

@misc{gama_GDM,
    title = {Game Design Methods: A 2003 Survey},
    author={ Bernd Kreimeier},
    note = {\url{https://www.gamasutra.com/view/feature/131301/game_design_methods_a_2003_survey.php}},
    year = {2003}
    }
    
@inproceedings{onepage_librande,
    title={One Page Designs},
    author={Stone Librande},
    year={2010},
    organization={Game Developers Conference}
    }
    
@inproceedings{GDD_software,
    title={Proposal of game design document from software engineering requirements perspective},
    author={Salazar, Mario Gonzalez and Mitre, Hugo A. and Olalde,
                  Cuauhtémoc Lemus and Sánchez, José Luis González},
    booktitle={Proceedings of CGAMES'2012 USA - 17th International Conference on Computer Games: AI, Animation, Mobile, Interactive Multimedia, Educational and Serious Games},
    pages={81-85},
    year={2012},
    organization={CGAMES'2012 USA}
    }
    
@inproceedings{GDD_GDProject,
    author = {Marais, Craig and Futcher, Lynn and van Niekerk, Johan},
    year = {2014},
    month = {07},
    pages = {},
    title = {Incorporating a Game Design Document into Game Development Projects Deliverables}
    }
    
@misc{multiview,
author = {Correa, Pablo and Möller, Luisa},
year = {2014},
month = {July},
pages = {},
title = {Improving Game Development Process Applying Multi-View Game
                  Design Documents},
note = {\url{https://www.researchgate.net/publication/280735266_Improving_Game_Development_Process_Applying_Multi-View_Game_Design_Documents}}
}

@article{GD_Guidelines,
author = {Machado, Tiago Lemos De A and Ramalho, Geber L and Alves, Carina F and Garcia, Vinicius C and Araujo, Luiz F and Lemos, Vamberto and Gomes, Vinicius Cavalcanti F and Silva, Anderson P and Barros, Xavier S and Centro, E S A R and Sistemas, Estudos De},
title = {Game Development Guidelines : Practices To Avoid Conflicts Between Software and Design},
year = {2010}
}


@misc{gama_5alter,
    title = {5 Alternatives to a Game Design Doc},
    note = {\url{https://www.gamasutra.com/blogs/ErinRobinson/20120502/169588/5_Alternatives_to_a_Game_Design_Doc.php}},
    year = {2012}
    }
    
@misc{gama_greateGDD,
    title = {Creating a Great Design Document},
    author={Tzvi Freeman},
    note = {\url{https://www.gamasutra.com/view/feature/131632/creating_a_great_design_document.php}},
    year = {1997}
    }
    




%%%%%%%%%%%%%%%%%%%%%%%%% CHAP3 %%%%%%%%%%%%%%%%%%%%%%%%%

@article{MDA_formal,
author = {Hunicke, Robin and Leblanc, Marc and Zubek, Robert},
year = {2004},
month = {01},
pages = {},
title = {{MDA}: A Formal Approach to Game Design and Game Research},
volume = {1},
journal = {AAAI Workshop - Technical Report}
}

@inproceedings{Buttfield-AddisonParis2016Abrf,
series = {GJH&GC '16},
pages = {30--33},
publisher = {ACM},
booktitle = {Proceedings of the International Conference on game jams, hackathons, and game creation events},
isbn = {9781450340830},
year = {2016},
title = {A better recipe for game jams: using the Mechanics Dynamics Aesthetics framework for planning},
language = {eng},
author = {Buttfield-Addison, Paris and Manning, Jon and Nugent, Tim},
keywords = {Game Jams ; Game Design ; Hackathons},
}

@article{Winn2011,
author = {Winn, Brian M.},
doi = {10.4018/978-1-59904-808-6.ch058},
journal = {Handbook of Research on Effective Electronic Gaming in Education},
pages = {1010--1024},
title = {{The Design, Play, and Experience Framework}},
volume = {5497},
year = {2011}
}

@article{Salen2013,
archivePrefix = {arXiv},
arxivId = {arXiv:1011.1669v3},
author = {Salen, Katie and Zimmerman, Eric},
doi = {10.1093/intimm/dxs150},
eprint = {arXiv:1011.1669v3},
isbn = {0262240459},
issn = {0300-9173},
journal = {International Immunology},
number = {8},
pages = {NP--NP},
pmid = {24999207},
title = {{Rules of Play: Game design fundamentals}},
volume = {25},
year = {2013}
}


@inbook{DDE,
author = {Walk, Wolfgang and Görlich, Daniel and Barrett, Mark},
year = {2017},
month = {03},
pages = {27-45},
title = {Design, Dynamics, Experience ({DDE}): An Advancement of the {MDA} Framework for Game Design},
isbn = {978-3-319-53087-1},
journal = {Game Dynamics: Best Practices in Procedural and Dynamic Game Content Generation},
doi = {10.1007/978-3-319-53088-8_3}
}

@misc{GAMA_MDA,
    title = {Revisiting the {MDA} Framework},
    author = {Luiz Claudio Silveira Duarte},
    note  = {\url{https://www.gamasutra.com/blogs/LuizClaudioSilveiraDuarte/20150203/233487/Revisiting_the_MDA_framework.php}},
    year = {02/03/2015}
    }

@misc{GAMA_DDE,
    title = {From {MDA} to {DDE}},
    author = {Wolfgang Walk},
    note = {\url{https://www.gamasutra.com/blogs/WolfgangWalk/20151111/259078/From_MDA_to_DDE.php}},
    year = {11/11/2015}
    }
    
@article{Winn2011-bis,
author = {Winn, Brian M.},
doi = {10.4018/978-1-59904-808-6.ch058},
journal = {Handbook of Research on Effective Electronic Gaming in Education},
mendeley-groups = {MAITRISE/TOKEEP/Articles},
pages = {1010--1024},
title = {{The Design, Play, and Experience Framework}},
volume = {5497},
year = {2011}
}




%%%%%%%%%%%%%%%%%%%%%%%%% CHAP4 %%%%%%%%%%%%%%%%%%%%%%%%%

@misc{OMG_UML,
    author={OMG},                  
    title = {{Unified Modeling Language}},
    version = {2.5.1},
    year = {2017},
    month = {December},
    note  = {\url{https://www.omg.org/spec/UML/2.5.1/PDF}}
}

@Book{OCL,
  author =       "Warmer, J. and Kleppe, A.",
  title =        "The Object Constraint Language (2nd Edition):
                  Getting Your Models
                  Ready for {MDA}",
  publisher =    "Addison-Wesley",
  year =         {2003}
}




%%%%%%%%%%%%%%%%%%%%%%%%% CHAP5 %%%%%%%%%%%%%%%%%%%%%%%%%
    
@misc{salazar_gdd,
author = {Salazar, Mario Gonzalez and Mitre, Hugo A. and Olalde, Cuauhtémoc Lemus and Sánchez, José Luis González},        
title = {{GDD Template based on the Donkey Kong game}},
year = 2019,                   
note  = {\url{https://www.cimat.mx/~hmitre/GDD-DKS.pdf}},
}




%%%%%%%%%%%%%%%%%%%%%%%%% CHAP6 %%%%%%%%%%%%%%%%%%%%%%%%%

@misc{wikipubg,
    author = {Wikipedia},                  
    title = {{PlayerUnknown's Battlegrounds}},
    year = 2019,                   
    note  = {\url{https://en.wikipedia.org/wiki/PlayerUnknown\%27s_Battlegrounds}},
    }

@book{takami2003battle,
  title={Battle Royale},
  author={Takami, K. and Oniki, Y.},
  isbn={9781569317785},
  lccn={2006000720},
  url={https://books.google.ca/books?id=1fB8p-dZLSIC},
  year={2003},
  publisher={VIZ, LLC}
}

%%%%%%%%%%%%%%%%%%%%%%%%% MODELS %%%%%%%%%%%%%%%%%%%%%%%%%
@book{,
    author = {},
    year = {},
    title = {},
    publisher={}
    }

@inproceedings{,
    title={},
    author={},
    booktitle={},
    pages={},
    year={},
    organization={}
    }
@misc{,
    title = {},
    note = {},
    year = {}
    }
@article{,
    title={},
    author={},
    journal={},
    volume={},
    number={},
    pages={},
    year={},
    publisher={}
    }
